<?xml version="1.0" encoding="utf-8"?>
<record xmlns="http://www.loc.gov/MARC21/slim" xmlns:xsi="http://www.w3.org/2001/XMLSchema-instance" xsi:schemaLocation="http://www.loc.gov/MARC21/slim http://www.loc.gov/standards/marcxml/schema/MARC21slim.xsd">
	<leader>     nam a22        4500</leader>
	<controlfield tag="001">003426060</controlfield>
	<controlfield tag="003">NNU</controlfield>
	<controlfield tag="006">m        d        </controlfield>
	<controlfield tag="007">cr cn |||m|||a</controlfield>
	<controlfield tag="008">160408s1939    ua f    ob    001 0 ara d</controlfield>
	<datafield ind1=" " ind2=" " tag="040">
		<subfield code="a">NNU</subfield>
		<subfield code="b">eng</subfield>
		<subfield code="c">NNU</subfield>
	</datafield>
	<datafield ind1="0" ind2=" " tag="041">
		<subfield code="a">ara</subfield>
		<subfield code="a">eng</subfield>
	</datafield>
	<datafield ind1="1" ind2=" " tag="100">
		<subfield code="6">880-01</subfield>
		<subfield code="a">Simaykah, Murqus,</subfield>
		<subfield code="d">1864-1944.</subfield>
	</datafield>
	<datafield ind1="1" ind2="0" tag="245">
		<subfield code="6">880-02</subfield>
		<subfield code="a">Fahāris al-makhṭūṭāt al-qibṭīyah wa-al-ʻArabīyah al-Mawjūdah bi-al-Matḥaf al-Qibṭī wa-al-Dār al-Baṭrīyarkīyah wa-aham kanāʼis al-Qāhirah wa-al-Iskandarīyah wa-adyirat al-Quṭr al-Miṣrī</subfield>
		<subfield code="h">[electronic resource] /</subfield>
		<subfield code="c">taʼlīf Murqus Simaykah ; bi-musāʻadat Yassá ʻAbd al-Masīḥ =</subfield>
		<subfield code="b">Catalogue of the Coptic and Arabic manuscripts in the Coptic Museum, the Patriarchate, the Principal Churches of Cairo / by Marcus Simaika ; assisted by Yassa ʻAbd al-Masih.</subfield>
	</datafield>
	<datafield ind1="3" ind2="1" tag="246">
		<subfield code="a">Catalogue of the Coptic and Arabic manuscripts in the Coptic Museum, the Patriarchate, the Principal Churches of Cairo</subfield>
	</datafield>
	<datafield ind1=" " ind2=" " tag="260">
		<subfield code="a">Cairo :</subfield>
		<subfield code="b">Government Press,</subfield>
		<subfield code="c">1939-</subfield>
	</datafield>
	<datafield ind1=" " ind2=" " tag="300">
		<subfield code="a">online resource (v.) :</subfield>
		<subfield code="b">plates</subfield>
	</datafield>
	<datafield ind1="1" ind2=" " tag="490">
		<subfield code="6">880-03</subfield>
		<subfield code="a">Maṭbūʻāt al-Matḥaf al-Qibṭī</subfield>
	</datafield>
	<datafield ind1=" " ind2=" " tag="500">
		<subfield code="a">Includes indexes.</subfield>
	</datafield>
	<datafield ind1=" " ind2=" " tag="500">
		<subfield code="a">Part of the Arabic Collections Online (ACO) project, contributed by New York Univeristy Libraries.</subfield>
	</datafield>
	<datafield ind1=" " ind2=" " tag="533">
		<subfield code="a">Electronic reproduction.</subfield>
		<subfield code="b">New York, N.Y. :</subfield>
		<subfield code="c">New York University,</subfield>
		<subfield code="d">2016.</subfield>
		<subfield code="5">NNU</subfield>
	</datafield>
	<datafield ind1=" " ind2=" " tag="546">
		<subfield code="a">Arabic and English in Parallel columens.</subfield>
	</datafield>
	<datafield ind1=" " ind2="0" tag="650">
		<subfield code="a">Manuscripts, Arabic</subfield>
		<subfield code="z">Egypt</subfield>
		<subfield code="v">Bibliography.</subfield>
	</datafield>
	<datafield ind1="1" ind2=" " tag="700">
		<subfield code="6">880-04</subfield>
		<subfield code="a">ʻAbd al-Masīḥ, Yassá.</subfield>
	</datafield>
	<datafield ind1="2" ind2=" " tag="710">
		<subfield code="a">New York University.</subfield>
		<subfield code="b">Libraries.</subfield>
	</datafield>
	<datafield ind1="0" ind2=" " tag="730">
		<subfield code="a">Arabic Collections Online.</subfield>
	</datafield>
	<datafield ind1="0" ind2="8" tag="776">
		<subfield code="i">Print version:</subfield>
		<subfield code="a">Simaykah, Murqus, 1864-1944.</subfield>
		<subfield code="t">Fahāris al-makhṭūṭāt al-qibṭīyah wa-al-ʻArabīyah al-Mawjūdah bi-al-Matḥaf al-Qibṭī wa-al-Dār al-Baṭrīyarkīyah wa-aham kanāʼis al-Qāhirah wa-al-Iskandarīyah wa-adyirat al-Quṭr al-Miṣrī</subfield>
		<subfield code="w">(NNU)003426060</subfield>
	</datafield>
	<datafield ind1="4" ind2="0" tag="856">
		<subfield code="u">http://hdl.handle.net/2333.1/q2bvqcp2</subfield>
	</datafield>
	<datafield ind1="1" ind2=" " tag="880">
		<subfield code="6">100-01/</subfield>
		<subfield code="a">سميكه، مرقس،</subfield>
		<subfield code="d">1944-1864.</subfield>
	</datafield>
	<datafield ind1="1" ind2="0" tag="880">
		<subfield code="6">245-02/</subfield>
		<subfield code="a">فهارس المخطوطات القبطية والعربية الموجودة بالمتحف القبطي والدار البطريركية وأهم كنائس القاهرة والاسكندرية وأديرة القطر المصري /</subfield>
		<subfield code="c">تأليف مرقس سميكه ؛ بمساعدة يسى عبدالمسيح.</subfield>
	</datafield>
	<datafield ind1="1" ind2=" " tag="880">
		<subfield code="6">490-03/</subfield>
		<subfield code="a">مطبوعات المتحف القبطي</subfield>
	</datafield>
	<datafield ind1="1" ind2=" " tag="880">
		<subfield code="6">700-04/</subfield>
		<subfield code="a">عبدالمسيح، يسى.</subfield>
	</datafield>
	<datafield ind1=" " ind2="0" tag="830">
		<subfield code="a">Publications of the Coptic Museum.</subfield>
	</datafield>
	<datafield ind1=" " ind2=" " tag="959">
		<subfield code="a">NNU</subfield>
		<subfield code="b">WEB</subfield>
		<subfield code="c">GENI</subfield>
		<subfield code="t">0</subfield>
		<subfield code="m">Electronic access</subfield>
		<subfield code="s">01</subfield>
	</datafield>
	<datafield ind1=" " ind2=" " tag="999">
		<subfield code="i">NNU_003426060</subfield>
		<subfield code="s">nyu_aco001878:v.1</subfield>
		<subfield code="s">nyu_aco001879:v.2; pt.1</subfield>
		<subfield code="e">(ERROR-880)</subfield>
	</datafield>
</record>
